@article{article,
author = {M. Harrey, P and S. A. Evans, P and J. Ramsey, B and Harrison, David},
year = {2000},
month = {03},
pages = {69-77},
title = {Interdigitated capacitors by offset lithography},
volume = {10},
booktitle = {Journal of Electronics Manufacturing}
}