@article{article,
author = {Igreja, Rui and Dias, C},
year = {2004},
month = {05},
pages = {291-301},
title = {Analytical evaluation of the interdigital electrodes capacitance for a multi-layered structure},
booktitle = {Sensors and Actuators A Physical}
}