@article{IGREJA2004291,
title = "Analytical evaluation of the interdigital electrodes capacitance for a multi-layered structure",
journal = "Sensors and Actuators A: Physical",
volume = "112",
number = "2",
pages = "291 - 301",
year = "2004",
issn = "0924-4247",
doi = "https://doi.org/10.1016/j.sna.2004.01.040",
url = "http://www.sciencedirect.com/science/article/pii/S0924424704000779",
author = "Rui Igreja and C.J. Dias",
keywords = "Interdigital electrodes, Conformal mapping, Capacitive sensors"
}